%% This BibTeX bibliography file was created using BibDesk.
%% http://bibdesk.sourceforge.net/

%% Created for Michael Frick at 2016-03-09 12:47:36 +0000 


%% Saved with string encoding Unicode (UTF-8) 

%%%%% ARTICLES %%%%% 
@article{zhu2015mining,
    title={Mining mobile user preferences for personalized context-aware recommendation},
    author={Zhu, Hengshu and Chen, Enhong and Xiong, Hui and Yu, Kuifei and Cao, Huanhuan and Tian, Jilei},
    journal={ACM Transactions on Intelligent Systems and Technology (TIST)},
    volume={5},
    number={4},
    pages={58},
    year={2015},
    publisher={ACM}
}

@article{wirth2008brief,
  title={A brief history of software engineering},
  author={Wirth, Niklaus},
  journal={IEEE Annals of the History of Computing},
  volume={1},
  number={3},
  pages={32--39},
  year={2008},
  publisher={IEEE Computer Society}
}

@article{watters1997caffeine,
  Author = {Watters, Paul Andrew and Martin, Frances and Schreter, Zoltan},
  Journal = {Human Psychopharmacology: Clinical and Experimental, publisher: Wiley Online Library},
  Number = {3},
  Pages = {249--257},
  Publisher = {Wiley Online Library},
  Title = {Caffeine and cognitive performance: the nonlinear Yerkes--Dodson Law},
  Volume = {12},
  Year = {1997}
}

@article{weller1993lessons,
  title={Lessons from three years of inspection data (software development)},
  author={Weller, Edward F},
  journal={Software, IEEE, publisher: IEEE},
  volume={10},
  number={5},
  pages={38--45},
  year={1993},
  publisher={IEEE}
}

@article{gellersen2002multi,
  title={Multi-sensor context-awareness in mobile devices and smart artifacts},
  author={Gellersen, Hans W and Schmidt, Albercht and Beigl, Michael},
  journal={Mobile Networks and Applications, publisher: Springer-Verlag New York, Inc.},
  volume={7},
  number={5},
  pages={341--351},
  year={2002},
  publisher={Springer-Verlag New York, Inc.}
}

@article{spencer2008food,
  title={Food for thought: the role of dietary flavonoids in enhancing human memory, learning and neuro-cognitive performance},
  author={Spencer, Jeremy PE},
  journal={Proceedings of the Nutrition Society, publisher: Cambridge Univ Press},
  volume={67},
  number={02},
  pages={238--252},
  year={2008},
  publisher={Cambridge Univ Press}
}

@article{lane2010survey,
  title={A survey of mobile phone sensing},
  author={Lane, Nicholas D and Miluzzo, Emiliano and Lu, Hong and Peebles, Daniel and Choudhury, Tanzeem and Campbell, Andrew T},
  journal={Communications Magazine, publisher: IEEE},
  volume={48},
  number={9},
  pages={140--150},
  year={2010},
  publisher={IEEE}
}

@article{fenwick2009another,
  title={Another look at the behaviors of novice programmers},
  author={Fenwick Jr, James B and Norris, Cindy and Barry, Frank E and Rountree, Josh and Spicer, Cole J and Cheek, Scott D},
  journal={ACM SIGCSE Bulletin, publisher: ACM},
  volume={41},
  number={1},
  pages={296--300},
  year={2009},
  publisher={ACM}
}

@article{matthews1990arousal,
  title={Arousal, extraversion, and individual differences in resource availability.},
  author={Matthews, Gerald and Davies, D Roy and Lees, Jackie L},
  journal={Journal of personality and social psychology, publisher: American Psychological Association},
  volume={59},
  number={1},
  pages={150},
  year={1990},
  publisher={American Psychological Association}
}

@article{amabile1996assessing,
  title={Assessing the work environment for creativity},
  author={Amabile, Teresa M and Conti, Regina and Coon, Heather and Lazenby, Jeffrey and Herron, Michael},
  journal={Academy of management journal, publisher: Academy of Management},
  volume={39},
  number={5},
  pages={1154--1184},
  year={1996},
  publisher={Academy of Management}
}

@article{norris2008clockit,
  title={ClockIt: collecting quantitative data on how beginning software developers really work},
  author={Norris, Cindy and Barry, Frank and Fenwick Jr, James B and Reid, Kathryn and Rountree, Josh},
  journal={ACM SIGCSE Bulletin, publisher: ACM},
  volume={40},
  number={3},
  pages={37--41},
  year={2008},
  publisher={ACM}
}

@article{fenton1999software,
  Author = {Fenton, Norman E and Neil, Martin},
  Journal = {Journal of Systems and Software, publisher: Elsevier},
  Number = {2},
  Pages = {149--157},
  Publisher = {Elsevier},
  Title = {Software metrics: successes, failures and new directions},
  Volume = {47},
  Year = {1999}
}

@article{denissen2008effects,
  Author = {Denissen, Jaap JA and Butalid, Ligaya and Penke, Lars and Van Aken, Marcel AG},
  Journal = {Emotion, publisher: American Psychological Association},
  Number = {5},
  Pages = {662--667},
  Publisher = {American Psychological Association},
  Title = {The effects of weather on daily mood: A multilevel approach.},
  Volume = {8},
  Year = {2008}
}

@article{pope2015impact,
  Author = {Pope, Devin G and Fillmore, Ian},
  Journal = {Economics of Education Review, publisher: Elsevier},
  Pages = {30--40},
  Publisher = {Elsevier},
  Title = {The impact of time between cognitive tasks on performance: Evidence from advanced placement exams},
  Volume = {48},
  Year = {2015}
}

@article{moe2010teamwork,
  title={A teamwork model for understanding an agile team: A case study of a Scrum project},
  author={Moe, Nils Brede and Dings{\o}yr, Torgeir and Dyb{\aa}, Tore},
  journal={Information and Software Technology},
  volume={52},
  number={5},
  pages={480--491},
  year={2010},
  publisher={Elsevier}
}

@article{chow2008survey,
  title={A survey study of critical success factors in agile software projects},
  author={Chow, Tsun and Cao, Dac-Buu},
  journal={Journal of Systems and Software},
  volume={81},
  number={6},
  pages={961--971},
  year={2008},
  publisher={Elsevier}
}

@article{liguori1997absorption,
  title={Absorption and subjective effects of caffeine from coffee, cola and capsules},
  author={Liguori, Anthony and Hughes, John R and Grass, Jacob A},
  journal={Pharmacology Biochemistry and Behavior},
  volume={58},
  number={3},
  pages={721--726},
  year={1997},
  publisher={Elsevier}
}

@article{rising2000scrum,
  title={The Scrum software development process for small teams},
  author={Rising, Linda and Janoff, Norman S},
  journal={IEEE software},
  volume={17},
  number={4},
  pages={26},
  year={2000},
  publisher={IEEE Computer Society}
}

@article{pinto1990project,
  title={Project team communication and cross-functional cooperation in new program development},
  author={Pinto, Mary Beth and Pinto, Jeffrey K},
  journal={Journal of product innovation management},
  volume={7},
  number={3},
  pages={200--212},
  year={1990},
  publisher={Wiley Online Library}
}

@article{cusumano1997microsoft,
  title={How Microsoft makes large teams work like small teams},
  author={Cusumano, Michael A},
  journal={MIT Sloan Management Review},
  volume={39},
  number={1},
  pages={9},
  year={1997},
  publisher={Massachusetts Institute of Technology}
}

@article{vogel2010android,
  title={Android sqlite database and contentprovider-tutorial},
  author={Vogel, Lars},
  journal={Java, Eclipse, Android and Web programming tutorials},
  volume={8},
  year={2010}
}

@article{rogers1995costs,
  Author = {Rogers, Robert D and Monsell, Stephen},
  Journal = {Journal of experimental psychology: General, publisher: American Psychological Association},
  Number = {2},
  Pages = {207--231},
  Publisher = {American Psychological Association},
  Title = {Costs of a predicatible switch between simple cognitive tasks.},
  Volume = {124},
  Year = {1995}
}

@article{ramesh2006can,
  title={Can distributed software development be agile?},
  author={Ramesh, Balasubramaniam and Cao, Lan and Mohan, Kannan and Xu, Peng},
  journal={Communications of the ACM},
  volume={49},
  number={10},
  pages={41--46},
  year={2006},
  publisher={ACM}
}

@article{emery2003short,
  Author = {Emery, Charles F and Hsiao, Evana T and Hill, Scott M and Frid, David J},
  Journal = {Heart \& Lung: The Journal of Acute and Critical Care, publisher: Elsevier},
  Number = {6},
  Pages = {368--373},
  Publisher = {Elsevier},
  Title = {Short-term effects of exercise and music on cognitive performance among participants in a cardiac rehabilitation program},
  Volume = {32},
  Year = {2003}
}

@article{jain1999data,
  title={Data clustering: a review},
  author={Jain, Anil K and Murty, M Narasimha and Flynn, Patrick J},
  journal={ACM computing surveys (CSUR)},
  volume={31},
  number={3},
  pages={264--323},
  year={1999},
  publisher={Acm}
}

@article{korpipaa2003bayesian,
  title={Bayesian approach to sensor-based context awareness},
    author={Korpip{\"a}{\"a}, Panu and Koskinen, Miika and Peltola, Johannes and M{\"a}kel{\"a}, Satu-Marja and Sepp{\"a}nen, Tapio},
    journal={Personal and Ubiquitous Computing, publisher: Springer-Verlag},
    volume={7},
    number={2},
    pages={113--124},
    year={2003},
    publisher={Springer-Verlag}
}

@article{jarvenpaa1998communication,
  title={Communication and trust in global virtual teams},
  author={Jarvenpaa, Sirkka L and Leidner, Dorothy E},
  journal={Journal of Computer-Mediated Communication},
  volume={3},
  number={4},
  pages={0--0},
  year={1998},
  publisher={Wiley Online Library}
}

@article{ross2005exterminators,
  title={The exterminators [software bugs]},
  author={Ross, Philip E},
  journal={Spectrum, IEEE},
  volume={42},
  number={9},
  pages={36--41},
  year={2005},
  publisher={IEEE}
}

@article{ferreira2015aware,
  title={AWARE: mobile context instrumentation framework},
  author={Ferreira, Denzil and Kostakos, Vassilis and Dey, Anind K},
  journal={Frontiers in ICT},
  volume={2},
  pages={6},
  year={2015},
  publisher={Frontiers}
}

@article{michaelimproving,
  Author = {Michael, Philip M Johnson Hongbing Kou and Zhang, Paulding Qin and Yamashita, Aaron Kagawa Takuya},
  Journal = {IEEE Software, publisher: IEEE Computer Society},
  Month = {Jul, Aug},
  Pages = {76--85},
  Publisher = {IEEE Computer Society},
  Title = {Improving Software Development Management through Software Project Telemetry},
  Year = {2005}
}

@article{johnson2001project,
    title={Project Hackystat: Accelerating adoption of empirically guided software development through non-disruptive, developer-centric, in-process data collection and analysis},
    author={Johnson, Philip M},
    journal={Department of Information and Computer Sciences, University of Hawaii, publisher: University of Hawaii},
    volume={22},
    year={2001}
}

%%%%% BOOKS %%%%%
@book{pentland2014,
  Author = {Alex Pentland},
  Isbn = {1594205655},
  Publisher = {Penguin Press, ISBN: 1594205655},
  Title = {Social Physics: How Good Ideas Spread-The Lessons from a New Science},
  Year = {2014}
}

@book{carmel1999global,
  title={Global software teams: collaborating across borders and time zones},
  author={Carmel, Erran},
  year={1999},
  publisher={Prentice Hall PTR}
}

@book{Martin:2008:CCH:1388398,
  Address = {Upper Saddle River, NJ, USA},
  Author = {Martin, Robert C.},
  Edition = {1},
  Isbn = {0132350882, 9780132350884},
  Publisher = {Prentice Hall PTR, ISBN 0132350882, 9780132350884},
  Title = {Clean Code: A Handbook of Agile Software Craftsmanship},
  Year = {2008}
}

%%%%% INPROCEEDINGS %%%%%
@inproceedings{johnson1999leap,
	Author = {Johnson, Philip M},
	Booktitle = {Proceedings of the 1999 International Conference on Software Engineering},
	Address = {Los Angeles, California, USA},
	Month = {Mai},
	Organization = {IEEE},
	Pages = {654--657},
	Title = {Leap: a \''personal information environment\'' for software engineers},
	Year = {1999}}

@inproceedings{kaner2004software,
  title={Software engineering metrics: What do they measure and how do we know?},
  author={Kaner, Cem and others},
  booktitle={In METRICS 2004. IEEE CS},
  Address = {Florida Institute of Technology, Melbourne, Florida, USA},
  year={2004},
  organization={Citeseer}
}

@inproceedings{johnson2003beyond,
	Author = {Johnson, Philip M and Kou, Hongbing and Agustin, Joy and Chan, Christopher and Moore, Carleton and Miglani, Jitender and Zhen, Shenyan and Doane, William EJ},
	Booktitle = {Proceedings of the 25th international Conference on Software Engineering},
	Modified = {2016-02-23 10:30:33 +0000},
	Address = {Honolulu, Hawaii, USA},
	Organization = {IEEE Computer Society},
	Pages = {641--646},
	Title = {Beyond the personal software process: Metrics collection and analysis for the differently disciplined},
	Year = {2003}
}

@inproceedings{khan2007mood,
	Author = {Khan, Iftikhar Ahmed and Hierons, Robert M and Brinkman, Willem Paul},
	Booktitle = {Proceedings of the 14th European conference on Cognitive ergonomics: invent! explore!},
	Address = {London, UK},
	Month = {Aug},
	Organization = {ACM},
	Pages = {269--272},
	Title = {Mood independent programming},
	Year = {2007}
}

@inproceedings{laugesen2010factors,
  title={What factors contributed to the success of Apple's iPhone?},
  author={Laugesen, John and Yuan, Yufei},
  booktitle={Mobile Business and 2010 Ninth Global Mobility Roundtable (ICMB-GMR), 2010 Ninth International Conference on},
  pages={91--99},
  year={2010},
  organization={IEEE}
}

@inproceedings{dabbish2012social,
  title={Social coding in GitHub: transparency and collaboration in an open software repository},
  author={Dabbish, Laura and Stuart, Colleen and Tsay, Jason and Herbsleb, Jim},
  booktitle={Proceedings of the ACM 2012 conference on Computer Supported Cooperative Work},
  Address = {Lyon, France},
  pages={1277--1286},
  year={2012},
  organization={ACM}
}

@inproceedings{schops20153d,
  title={3D modeling on the go: Interactive 3D reconstruction of large-scale scenes on mobile devices},
  author={Sch{\"o}ps, Thomas and Sattler, Torsten and H{\"a}ne, Christian and Pollefeys, Marc},
  booktitle={3D Vision (3DV), 2015 International Conference on},
  pages={291--299},
  year={2015},
  organization={IEEE}
}

@inproceedings{sobolewski2009monitoring,
  title={Monitoring of cognitive processes in older persons},
  author={Sobolewski, Rory and Reilly, Richard B and Finnigan, Simon and Dockree, Paul and O'Sullivan, Kate and Robertson, Ian H},
  booktitle={2009 4th International IEEE/EMBS Conference on Neural Engineering},
  pages={132--135},
  Address = {Antalya, Turkey},
  year={2009},
  organization={IEEE}
}

@inproceedings{xiang2009using,
  title={Using svm to predict high-level cognition from fmri data: A case study of 4* 4 sudoku solving},
  author={Xiang, Jie and Chen, Junjie and Zhou, Haiyan and Qin, Yulin and Li, Kuncheng and Zhong, Ning},
  booktitle={International Conference on Brain Informatics},
  pages={171--181},
  Address = {Beijing, China},
  year={2009},
  organization={Springer}
}

@inproceedings{snipes2013towards,
	Author = {Snipes, Will and Augustine, Vinay and Nair, Anil R and Murphy-Hill, Emerson},
	Booktitle = {Proceedings of the 2013 International Conference on Software Engineering},
	Address = {San Francisco, California, USA},
	Organization = {IEEE Press},
	Pages = {1277--1280},
	Title = {Towards recognizing and rewarding efficient developer work patterns},
	Year = {2013}
}

@inproceedings{buffardi2012exploring,
	Author = {Buffardi, Kevin and Edwards, Stephen H},
	Booktitle = {Proceedings of the 17th ACM annual conference on Innovation and technology in computer science education},
	Address = {Haifa, Israel},
	Organization = {ACM},
	Pages = {105--110},
	Title = {Exploring influences on student adherence to test-driven development},
	Year = {2012}
}

@inproceedings{edwards2009comparing,
	Author = {Edwards, Stephen H and Snyder, Jason and P{\'e}rez-Qui{\~n}ones, Manuel A and Allevato, Anthony and Kim, Dongkwan and Tretola, Betsy},
	Booktitle = {Proceedings of the fifth international workshop on Computing education research workshop},
	Address = {Berkeley, California, USA},
	Month = {Aug},
	Organization = {ACM},
	Pages = {3--14},
	Title = {Comparing effective and ineffective behaviors of student programmers},
	Year = {2009}
}

@inproceedings{goadrich2011smart,
  title={Smart smartphone development: iOS versus Android},
  author={Goadrich, Mark H and Rogers, Michael P},
  booktitle={Proceedings of the 42nd ACM technical symposium on Computer science education},
  pages={607--612},
  year={2011},
  organization={ACM}
}

@inproceedings{ray2014large,
	Author = {Ray, Baishakhi and Posnett, Daryl and Filkov, Vladimir and Devanbu, Premkumar},
	Booktitle = {Proceedings of the 22nd ACM SIGSOFT International Symposium on Foundations of Software Engineering},
	Address = {Hong Kong, China},
	Month = {Nov},
	Organization = {ACM},
	Pages = {155--165},
	Title = {A large scale study of programming languages and code quality in github},
	Year = {2014}
}

@inproceedings{jermakovics2007visual,
  Author = {Jermakovics, Andrejs and Scotto, Marco and Succi, Giancarlo},
  Booktitle = {Ninth international workshop on Principles of software evolution: in conjunction with the 6th ESEC/FSE joint meeting},
  Address = {Dubrovnik, Croatia},
  Month = {September},
  Organization = {ACM},
  Pages = {27--30},
  Title = {Visual identification of software evolution patterns},
  Year = {2007}
}

@inproceedings{jiang2008comparing,
  	Title={Comparing design and code metrics for software quality prediction},
  	Author={Jiang, Yue and Cuki, Bojan and Menzies, Tim and Bartlow, Nick},
  	Booktitle={Proceedings of the 4th international workshop on Predictor models in software engineering},
  	Address = {Leipzig, Germany},
  	Pages={11--18},
  	Year={2008},
  	Organization={ACM}
}

@inproceedings{schilit1994context,
  title={Context-aware computing applications},
  author={Schilit, Bill and Adams, Norman and Want, Roy},
  booktitle={Mobile Computing Systems and Applications, 1994. WMCSA 1994. First Workshop on},
  pages={85--90},
  Address = {Palo Alto, California, USA},
  year={1994},
  organization={IEEE}
}

@inproceedings{fenton2000software,
	Author = {Fenton, Norman E and Neil, Martin},
	Booktitle = {Proceedings of the Conference on the Future of Software Engineering},
	Address = {Limerick, Ireland},
	Organization = {ACM},
	Pages = {357--370},
	Title = {Software metrics: roadmap},
	Year = {2000}
}

@inproceedings{jacquet1997software,
  title={From software metrics to software measurement methods: A process model},
  author={Jacquet, Jean-Philippe and Abran, Alain},
  booktitle={Software Engineering Standards Symposium and Forum, 1997. Emerging International Standards. ISESS 97., Third IEEE International},
  address = {Montrkal (Qutbec), Canada},
  pages={128--135},
  year={1997},
  organization={IEEE}
}

%%%%% INCOLLECTIONS %%%%%
@incollection{holzinger2012making,
  title={Making apps useable on multiple different mobile platforms: On interoperability for business application development on smartphones},
  author={Holzinger, Andreas and Treitler, Peter and Slany, Wolfgang},
  booktitle={Multidisciplinary research and practice for information systems},
  pages={176--189},
  year={2012},
  publisher={Springer}
}

@incollection{sato2007tracking,
  Author = {Sato, Danilo and Goldman, Alfredo and Kon, Fabio},
  Booktitle = {Agile Processes in Software Engineering and Extreme Programming},
  Pages = {84--92},
  Publisher = {Springer},
  Title = {Tracking the evolution of object-oriented quality metrics on agile projects},
  Year = {2007}
}

%%%%% TECHREPORTS %%%%%
@techreport{fillmore2012impact,
  title={The impact of time between cognitive tasks on performance: Evidence from advanced placement exams},
  author={Fillmore, Ian and Pope, Devin G},
  year={2012},
  institution={National Bureau of Economic Research}
}

@techreport{staal2004stress,
  Author = {Staal, Mark A},
  Id = {20060017835},
  Institution = {NASA},
  Month = {Aug},
  Report = {NASA/TM-2004-212824, IH-054},
  Title = {Stress, cognition, and human performance: A literature review and conceptual framework},
  Year = {2004}
}

%%%%% WEBSITES %%%%%
@misc{androidDevelopers,
	author = {Google, Inc.},
	title = {Sensors Overview},
	howpublished = {\url{https://developer.android.com/guide/topics/sensors/sensors_overview.html}},
	note = {accessed on 08.06.2016}
}

@misc{gartnerMobileOSMarketshare,
	author = {Gartner, Inc.},
	title = {Gartner Says Worldwide Smartphone Sales Grew 9.7 Percent in Fourth Quarter of 2015},
	month = feb,
	year = {2016},
	howpublished = {\url{http://www.gartner.com/newsroom/id/3215217}},
	note = {accessed on 08.06.2016}
}

@misc{androidpermissions, 
	title={System Permissions}, 
	howpublished = {\url{https://developer.android.com/guide/topics/security/permissions.html}},
	journal={Android Developers},
	note = {accessed on 02.07.2016}
}

@misc{weatherArchive, 
	title={Weather Archive}, 
	howpublished = {\url{http://www.timeanddate.com/weather}},
	note = {accessed on 14.07.2016}
}

@misc{gnomeSudoku, 
  title={gnome-sudoku}, 
  howpublished = {\url{https://sourceforge.net/projects/gnome-sudoku/?source=navbar}},
  note = {accessed on 20.07.2016}
}

@misc{sudokugen, 
  title={sudoku-generator}, 
  howpublished = {\url{http://www.opensky.ca/~jdhildeb/software/sudokugen/}},
  note = {accessed on 20.07.2016}
}

@misc{spotify, 
  title={spotify}, 
  howpublished = {\url{https://www.spotify.com}},
  note = {accessed on 23.07.2016}
}

@misc{fontsGoogle, 
  title={googleWebfonts}, 
  howpublished = {\url{https://fonts.google.com}},
  note = {accessed on 02.07.2016}
}


@misc{bercovici2015,
	author={Bercovici, Jeff},
	title={Slack Is Our Company of the Year. Here's Why Everybody's Talking About It},
	howpublished = {\url{http://www.inc.com/magazine/201512/jeff-bercovici/slack-company-of-the-year-2015.html}},
	note = {accessed on 15.07.2016},
	journal={Inc.com},
	year={2015}
}

